@misc{test,
	title={<title>},
	note={(дата обращения: ...)},
	url={<url>}
}

