@misc{avl,
	title		={Сергеев М.И., Янишевская А.Г. АВЛ-деревья, выполнение операций над ними // ИВД. 2016. №2 (41).},
	note		={(дата обращения: 04.12.2021).},
	url			={https://cyberleninka.ru/article/n/avl-derevya-vypolnenie-operatsiy-nad-nimi}
}

@book{virt,
  author         = {Вирт, Н.},
  title          = {Алгоритмы и структуры данных},
  publisher      = {ДМК Пресс},
  year           = {2010},
  pages          = {272},
  language       = {russian},
}

@misc{hash,
  title        = {Исканцев Н. В. Математическая теория стойкости хеш-функций к коллизиям // Наука и современность. 2012. №16-2.},
  note         = {(дата обращения: 04.12.2021).},
  url          = {https://cyberleninka.ru/article/n/matematicheskaya-teoriya-stoykosti-hesh-funktsiy-k-kolliziyam},
}

@misc{gcc,
  title        = {GCC, the GNU Compiler Collection},
  note         = {(дата обращения: 04.12.2021)},
  url          = {https://gcc.gnu.org/},
}

@misc{make,
  title        = {GNU Make},
  note         = {(дата обращения: 04.12.2021)},
  url          = {https://www.gnu.org/software/make/},
}